<?xml version="1.0" encoding="UTF-8"?><collection xmlns="http://www.loc.gov/MARC21/slim"><record><leader>00371nam--2200145-i-4500</leader><controlfield tag="001">000014890</controlfield><controlfield tag="002">20161230</controlfield><controlfield tag="005">20161230201031</controlfield><controlfield tag="008">060222s1000------------r-----000-0-eng-d</controlfield><datafield ind1=" " ind2=" " tag="080"><subfield code="a">51.623</subfield></datafield><datafield ind1=" " ind2=" " tag="100"><subfield code="a">Adamson, Iain T</subfield></datafield><datafield ind1=" " ind2=" " tag="245"><subfield code="a">Introduction to field theory</subfield></datafield><datafield ind1=" " ind2=" " tag="260"><subfield code="a">New York, Oliver And Boyd, 1964 180 P</subfield></datafield><datafield ind1=" " ind2=" " tag="490"><subfield code="a">University Mathematical Texts</subfield></datafield><datafield ind1=" " ind2=" " tag="852"><subfield code="a">75826</subfield></datafield></record></collection>